@mastersthesis{Pt,
	author = "Paul Thomson",
	title = "KLEERACE: Algorithms and {Heuristics} for {Scalable} {Data-dependent} {Race} {Detection} using {Symbolic} {Execution}",
	school = "University of Oxford, Oxford, United Kingdom",
	year = "2011"
}

@phdthesis{Nun,
	author = "Nuno de Ferraz Almedia and Peixoto Machado",
	title = "{Lightweight} {Cooperative} {Logging} for {Fault} {Replication} in {Concurrent} {Programs}",
	school = "Instituto Spuerior Tecnico, Lisbon ,Portugal",
	year = "2011"
}

@inproceedings{Huang,
  author    = {Jeff Huang and
               Peng Liu and
               Charles Zhang},
  title     = {{LEAP}: {Lightweight} {Deterministic} {Multi-processor} {Replay} of
               {Concurrent} {Java} {Programs}},
  booktitle = {SIGSOFT FSE},
  year      = {2010},
  pages     = {207-216},
  ee        = {http://doi.acm.org/10.1145/1882291.1882323},
  bibsource = {DBLP, http://dblp.uni-trier.de}
}

@article{Sutter,
  author    = {Herb Sutter and
               James R. Larus},
  title     = {Software and the {Concurrency} {Revolution}},
  journal   = {ACM Queue},
  volume    = {3},
  number    = {7},
  year      = {2005},
  pages     = {54-62},
  ee        = {http://doi.acm.org/10.1145/1095408.1095421},
  bibsource = {DBLP, http://dblp.uni-trier.de}
}



@inproceedings{ODR,
  author    = {Gautam Altekar and
               Ion Stoica},
  title     = {{ODR}: {Output}-{Deterministic} {Replay} for {Multicore} {Debugging}},
  booktitle = {SOSP},
  year      = {2009},
  pages     = {193-206},
  ee        = {http://doi.acm.org/10.1145/1629575.1629594},
  bibsource = {DBLP, http://dblp.uni-trier.de}
}

@inproceedings{DejaVu,
    author = {Jong-Deok Choi and Harini Srinivasan},
    title = {{Deterministic} {Replay} of {Java} {Multithreaded} {Applications}},
    booktitle = {Proceedings of the SIGMETRICS Symposium on Parallel and Distributed Tools},
    year = {1998},
    pages = {48--59}
}

@inproceedings{Valgrind,
  author    = {Nicholas Nethercote and
               Julian Seward},
  title     = {Valgrind: a {Framework} for {Heavyweight} {Dynamic} {Binary} {Instrumentation}},
  booktitle = {PLDI},
  year      = {2007},
  pages     = {89-100},
  ee        = {http://doi.acm.org/10.1145/1250734.1250746},
  bibsource = {DBLP, http://dblp.uni-trier.de}
}

@inproceedings{PIN,
  author    = {Chi-Keung Luk and
               Robert S. Cohn and
               Robert Muth and
               Harish Patil and
               Artur Klauser and
               P. Geoffrey Lowney and
               Steven Wallace and
               Vijay Janapa Reddi and
               Kim M. Hazelwood},
  title     = {Pin: {Building} {Customized} {Program} {Analysis} {Tools} with {Dynamic}
               {Instrumentation}},
  booktitle = {PLDI},
  year      = {2005},
  pages     = {190-200},
  ee        = {http://doi.acm.org/10.1145/1065010.1065034},
  bibsource = {DBLP, http://dblp.uni-trier.de}
}


@article{JaRec,
  author    = {Andy Georges and
               Mark Christiaens and
               Michiel Ronsse and
               Koenraad De Bosschere},
  title     = {Ja{R}ec: a {Portable} {Record/Replay} {Environment} for {Multi-threaded}
               {Java} {Applications}},
  journal   = {Softw., Pract. Exper.},
  volume    = {34},
  number    = {6},
  year      = {2004},
  pages     = {523-547},
  ee        = {http://dx.doi.org/10.1002/spe.579},
  bibsource = {DBLP, http://dblp.uni-trier.de}
}

@report {FunInt,
author = "Daniel S. Myers and Adam L. Bazinet",
title = {Intercepting {Arbitrary} {Functions} on {Windows}, {UNIX} and {Macintosh} {OS} {X} {Platforms}},
school = "University of Maryland, Maryland",
year = "2004"
}

@inproceedings{Savage,
  author    = {Stefan Savage and
               Michael Burrows and
               Greg Nelson and
               Patrick Sobalvarro and
               Thomas E. Anderson},
  title     = {Eraser: {A} {Dynamic} {Data} {Race} {Detector} for {Multi-Threaded}
               {Programs}},
  booktitle = {SOSP},
  year      = {1997},
  pages     = {27-37},
  ee        = {http://doi.acm.org/10.1145/268998.266641},
  bibsource = {DBLP, http://dblp.uni-trier.de}
}

@article{Lamport,
  author    = {Leslie Lamport},
  title     = {Time, {Clocks}, and the {Ordering} of {Events} in a {Distributed}
               {System}},
  journal   = {Commun. ACM},
  volume    = {21},
  number    = {7},
  year      = {1978},
  pages     = {558-565},
  ee        = {http://doi.acm.org/10.1145/359545.359563},
  bibsource = {DBLP, http://dblp.uni-trier.de}
}

@report{tsan,
author = "Konstantin Serebryany and Timur Iskhodzhanov",
title = "Thread{S}anitizer - data race detection in practice",
school = "OOO Google and MIPT",
year="2009"
}

@report{detours,
author="Galen Hunt and Doug Brubacher",
title = "Detours: {Binary} {Interception} of {Win32} {Functions}",
school = "Microsoft Research",
address = "Redmond, WA",
year = "1999"
}

@article {springer,
   author = {Dijkstra, E. W.},
   title = {Hierarchical {Ordering} of {Sequential} {Processes}},
   journal = {Acta Informatica},
   publisher = {Springer Berlin / Heidelberg},
   issn = {0001-5903},
   keyword = {Computer Science},
   pages = {115-138},
   volume = {1},
   issue = {2},
   url = {http://dx.doi.org/10.1007/BF00289519},
   note = {10.1007/BF00289519},
   year = {1971}
}

@inproceedings{dining,
  author    = {C. A. R. Hoare},
  title     = {Process {Algebra}: {A} {Unifying} {Approach}},
  booktitle = {25 Years Communicating Sequential Processes},
  year      = {2004},
  pages     = {36-60},
  ee        = {http://dx.doi.org/10.1007/11423348_3},
  bibsource = {DBLP, http://dblp.uni-trier.de}
}

@inproceedings{dut,
  author    = {Thomas D. LaToza and
               Brad A. Myers},
  title     = {Designing {Useful} {Tools} for {Developers}},
  booktitle = {PLATEAU},
  year      = {2011},
  pages     = {45-50},
  ee        = {http://doi.acm.org/10.1145/2089155.2089166},
  bibsource = {DBLP, http://dblp.uni-trier.de}
}

@article{lev,
  author    = {Nancy G. Leveson and
               Clark Savage Turner},
  title     = {Investigation of the {Therac-25} {Accidents}},
  journal   = {IEEE Computer},
  volume    = {26},
  number    = {7},
  year      = {1993},
  pages     = {18-41},
  ee        = {http://doi.ieeecomputersociety.org/10.1109/MC.1993.274940},
  bibsource = {DBLP, http://dblp.uni-trier.de}
}

@article{Coff,
  author    = {Edward G. Coffman Jr. and
               M. J. Elphick and
               Arie Shoshani},
  title     = {System {Deadlocks}},
  journal   = {ACM Comput. Surv.},
  volume    = {3},
  number    = {2},
  year      = {1971},
  pages     = {67-78},
  ee        = {http://doi.acm.org/10.1145/356586.356588},
  bibsource = {DBLP, http://dblp.uni-trier.de}
}

@inproceedings{chess,
  added-at = {2009-01-07T00:00:00.000+0100},
  author = {Musuvathi, Madanlal and Qadeer, Shaz and Ball, Thomas and Basler, GÃ©rard and Nainar, Piramanayagam Arumuga and Neamtiu, Iulian},
  biburl = {http://www.bibsonomy.org/bibtex/2c4ae22a20c4f4426470c0fd61a957c8d/dblp},
  booktitle = {OSDI},
  date = {2009-01-07},
  description = {dblp},
  editor = {Draves, Richard and van Renesse, Robbert},
  ee = {http://www.usenix.org/events/osdi08/tech/full_papers/musuvathi/musuvathi.pdf},
  isbn = {978-1-931971-65-2},
  pages = {267-280},
  publisher = {USENIX Association},
  title = {{Finding} and {Reproducing} {Heisenbugs} in {Concurrent} {Programs}},
  url = {http://dblp.uni-trier.de/db/conf/osdi/osdi2008.html#MusuvathiQBBNN08},
  year = 2008
  }

@inproceedings{KLEE,
  author    = {Cristian Cadar and
               Daniel Dunbar and
               Dawson R. Engler},
  title     = {{KLEE}: {Unassisted} and {Automatic} {Generation} of {High-Coverage}
               {Tests} for {Complex} {Systems} {Programs}},
  booktitle = {OSDI},
  year      = {2008},
  pages     = {209-224},
  ee        = {http://www.usenix.org/events/osdi08/tech/full_papers/cadar/cadar.pdf},
  bibsource = {DBLP, http://dblp.uni-trier.de}
}